<?xml version="1.0" encoding="UTF-8"?>
<marc:collection xmlns:marc="http://www.loc.gov/MARC21/slim" xmlns:xsi="http://www.w3.org/2001/XMLSchema-instance" xsi:schemaLocation="http://www.loc.gov/MARC21/slim http://www.loc.gov/standards/marcxml/schema/MARC21slim.xsd">
   <marc:record type="Bibliographic">
      <marc:leader>00919cam a22002415  4500</marc:leader>
      <marc:controlfield tag="001">2788181</marc:controlfield>
      <marc:controlfield tag="003">NjP</marc:controlfield>
      <marc:controlfield tag="005">20100810171826.0</marc:controlfield>
      <marc:controlfield tag="008">991121s1969    ir            000 0 ara d</marc:controlfield>
      <marc:datafield tag="024" ind1="7" ind2=" ">
         <marc:subfield code="a">princeton_aco000618</marc:subfield>
         <marc:subfield code="2">local</marc:subfield>
      </marc:datafield>
      <marc:datafield tag="035" ind1=" " ind2=" ">
         <marc:subfield code="a">(OCoLC)ocm42866669</marc:subfield>
      </marc:datafield>
      <marc:datafield tag="035" ind1=" " ind2=" ">
         <marc:subfield code="9">CNJ7218TS</marc:subfield>
      </marc:datafield>
      <marc:datafield tag="040" ind1=" " ind2=" ">
         <marc:subfield code="a">PUL</marc:subfield>
         <marc:subfield code="c">PUL</marc:subfield>
      </marc:datafield>
      <marc:datafield tag="100" ind1="1" ind2=" ">
         <marc:subfield code="a">Rāzī, Abū Bakr Muḥammad ibn Zakarīyā,</marc:subfield>
         <marc:subfield code="d">865?-925?</marc:subfield>
      </marc:datafield>
      <marc:datafield tag="245" ind1="1" ind2="0">
         <marc:subfield code="a">Rasāʾil falsafīyah, maʻa qiṭaʻ baqiyat min kutubihi al-mafqūdah.</marc:subfield>
         <marc:subfield code="c">Jamaʻahā wa-ṣaḥḥaḥahā P. Krāws.</marc:subfield>
      </marc:datafield>
      <marc:datafield tag="246" ind1="0" ind2=" ">
         <marc:subfield code="i">Added t.p.:</marc:subfield>
         <marc:subfield code="a">Opera philosophica</marc:subfield>
      </marc:datafield>
      <marc:datafield tag="260" ind1=" " ind2=" ">
         <marc:subfield code="a">Tehran,</marc:subfield>
         <marc:subfield code="b">al-Maktabah al-Murtaḍawīyah</marc:subfield>
         <marc:subfield code="c">[1969?]</marc:subfield>
      </marc:datafield>
      <marc:datafield tag="300" ind1=" " ind2=" ">
         <marc:subfield code="a">316 p.</marc:subfield>
         <marc:subfield code="c">25 cm.</marc:subfield>
      </marc:datafield>
      <marc:datafield tag="490" ind1="0" ind2=" ">
         <marc:subfield code="a">Jāmiʻat Fuʾād al-Awwal, Kullīyat al-Ādāb. al-Muʾallaf,</marc:subfield>
         <marc:subfield code="v">22</marc:subfield>
      </marc:datafield>
      <marc:datafield tag="546" ind1=" " ind2=" ">
         <marc:subfield code="a">In Arabic.</marc:subfield>
      </marc:datafield>
      <marc:datafield tag="500" ind1=" " ind2=" ">
         <marc:subfield code="a">Reprint of Cairo, 1939 ed.</marc:subfield>
      </marc:datafield>
      <marc:datafield tag="700" ind1="1" ind2=" ">
         <marc:subfield code="a">Kraus, Paul,</marc:subfield>
         <marc:subfield code="d">1904-1944,</marc:subfield>
         <marc:subfield code="e">ed.</marc:subfield>
      </marc:datafield>
      <marc:datafield tag="852" ind1="0" ind2=" ">
         <marc:subfield code="b">nec</marc:subfield>
         <marc:subfield code="h">B753</marc:subfield>
         <marc:subfield code="i">.R395 1969</marc:subfield>
         <marc:subfield code="p">3099145</marc:subfield>
         <marc:subfield code="x">reclassed from: 2272.686.1969</marc:subfield>
      </marc:datafield>
      <marc:datafield tag="945" ind1=" " ind2=" ">
         <marc:subfield code="a">F</marc:subfield>
         <marc:subfield code="b">1</marc:subfield>
         <marc:subfield code="c">2272.686.1969</marc:subfield>
      </marc:datafield>
      <marc:datafield tag="911" ind1=" " ind2=" ">
         <marc:subfield code="a">20000130</marc:subfield>
      </marc:datafield>
   </marc:record>
</marc:collection>
